
       


@article{higgstheory,
author = {P.W. Higgs},
title = {``{Broken symmetries, massless particles and gauge fields}"},
journal = {Phys. Lett. B},
year = {1964},
volume = {12},
issue = {2},
pages = {132-133},

}


@article{cmslimits,
author = {The CMS collaboration},
title = {``{Combined results of searches for the standard model Higgs boson
in pp collisions at sqrt(s) = 7 TeV}"},
journal = {Phys. Lett. B},
year = {2012},
volume = {710},
pages = {26},

}

@article{atlaslimits,
author = {The ATLAS collaboration},
title = {``{Combined search for the Standard Model Higgs boson in pp
collisions at sqrt(s)= 7 TeV with the ATLAS detector}"},
journal = {Phys. Lett. D},
year = {2012},
volume = {86},
pages = {032003},

}

@article{Seezdiphoton,
author  = "C. J. Seez et al.",
title = {``{Photon decay modes of the intermediate mass Higgs}"},
collaboration = "ECFA Higgs Working Group",
      year          = "1990",
      url           = "http://cds.cern.ch/record/220524",
}

@article{cmsannouncement,
author = {The CMS collaboration},
title = {``{Observation of a new boson at a mass of 125 GeV with the
CMS experiment at the LHC}"},
journal = {Phys. Lett. B},
year = {2013},
volume = {716},
pages = {30-61},

}

@Unpublished{cmsanalysis1,
author = {The CMS collaboration},
title = {``{Combined measurements of the Higgs boson’s couplings at sqrt(s) = 13 TeV}"},
note = {CMS Analysis summary (PAS HIG-17-031)},
date = {2018}

}

@Unpublished{sethpresentation,
author = {S. Zenz},
title = {``{Understanding the Higgs Boson:
Where We Are, Where We're Going,
and How To Get There}"},
note = {UCL HEP seminar series},
date = {2018}

}

@article{precisehiggs,
author = {The CMS collaboration},
title = {``{Precise determination of the mass of the Higgs boson and
tests of compatibility of its couplings with the standard
model predictions using proton collisions at 7 and 8 TeV}"},
journal = {Eur.Phys.J. C},
year = {2015},
volume = {75},
pages = {212},

}

@Unpublished{tth,
author = {The CMS collaboration},
title = {``{Observation of ttH production}"},
note = {arXiv:1804.02610 [hep-ex]},

}

@Unpublished{cms13tev1,
author = {The CMS collaboration},
title = {``{Measurements of Higgs boson properties in the diphoton
decay channel in proton-proton collisions at sqrt(s) = 13 TeV}"},
note = {arXiv:1804.02716 [hep-ex]},
year = {2018},
}

@Article{atlasann,
author = {The ATLAS collaboration},
title = {``{Observation of a new particle in the search for the Standard
Model Higgs boson with the ATLAS detector at the LHC}"},
journal = {Phys.Let.B},
year = {2012},
volume = {716},
pages = {1}

}

@Article{cmsann2,
author = {The CMS collaboration},
title = {``{Observation of a new boson with mass near 125GeV in pp collisions at sqrt(s) = 7 and 8TeV}"},
journal = {J. High Energy Phys.},
year = {2013},
volume = {81},
pages = {6}
}

@Article{atlasupdate,
author = {The Atlas collaboration},
title = {``{Measurement of the Higgs boson mass from the H $\rightarrow  \gamma\gamma$ and H $\rightarrow$ ZZ* $\rightarrow$ 4l channels with the ATLAS detector using 25 $fb^{-1}$ of pp collision data}"},
journal = {Phys.Rev.D},
year = {2014},
volume = {90},
pages = {052004}

}

@Article{cmsupdate2,
author = {The CMS collaboration},
title = {``{Observation of the diphoton decay of the 125 GeV Higgs boson
and measurement of its properties}"},
journal = {Eur. Phys. J. C},
year = {2014},
volume = {74},
pages = {3076}
}

@Article{limit1,
author = {{ALEPH, DELPHI, L3 and OPAL Collaborations}},
title = {``{Search for the standard model Higgs boson at LEP}"},
journal = {Phys. Lett. B },
year = {2003},
issue = {565},
pages = {61},

}

@Unpublished{limit2,
author = {CDF and D0 Collaboration},
title = {``{Combined CDF and D0 Upper Limits on Standard Model Higgs Boson Production with up to 6.7$fb^{-1}$ of Data}"},
year = {2010},
note = {arXiv:1007.4587 [hep-ex]},

}

@Article{limit3,
author = {T. Aaltonen et al. (CDF Collaboration)},
title = {``{Combined search for the standard model Higgs boson decaying to a bb pair using the full CDF data set}"},
journal = {Phys. Rev. Lett.},
year = {2012},
issue = {109},
pages = {111802},
}

@Article{limit4,
author = {The ATLAS collaboration},
title = {``{Combined search for the Standard Model Higgs boson in pp collisions at sqrt(s)=7 TeV with the ATLAS detector}"},
journal = {Phys.Rev. D},
year = {2012},
issue = {86},
pages = {032003},

}


@Article{taudecayproof,
author = {The CMS collaboration},
title = {``{Evidence for the 125 GeV Higgs boson decaying to a pair of t
leptons}"},
journal = {J. High Energy Phys.},
year = {2014},
issue = {05},
pages = {104},
}

@Misc{gluinotheory1,
author = {A. Djouadi},
title = {``{Decays of the Higgs Bosons}"},
year = {1997},
note = {Talk given at the International Workshop on Quantum Eﬀects in the MSSM Barcelona, Spain, September 9–13},

}

@Unpublished{gluinotheory2,
author = {{L. Labun, J. Rafelski}},
title = {``{Higgs two-gluon decay and the top-quark chromomagnetic moment}"},
year = {2012},
note = {CERN-PH-TH/2012-265, arXiv:1210.3150 [hep-ph]},
}

@Article{zgamma,
author = {The ATLAS collaboration},
title = {``{Searches for the Z$\gamma$ decay mode of the Higgs boson and for new high-mass resonances in $pp$ collisions at $\sqrt{s} = 13$ TeV with the ATLAS detector}"},
journal = {J. High Energy Phys.},
year = {2017},

}

@Unpublished{bbdecayproof,
author = {The ATLAS collaboration},
title = {``{Observation of $H \rightarrow b\bar{b}$ decays and $VH$ production with the ATLAS detector}"},
note = {arXiv:1808.08238 [hep-ex]},
year = {2018},

}

@Article{impostor,
author = {{I. Low, J. Lykken, G. Shaughnessy}},
title = {``{Have We Observed the Higgs (Imposter)?}"},
journal = {Phys. Rev. D},
year = {2012},
volume = {86},
pages = {093012},
}

@article{theory1,
  title = {``{Gauge Invariance and Mass}"},
  author = {J. Schwinger},
  journal = {Phys. Rev.},
  volume = {125},
  pages = {397-398},
  year = {1962},
}

@article{theory2,
title = {``{Broken symmetry and the mass of gauge vector mesons}"},
author = {F. Englert and R. Brout},
journal = {Phys. Rev. Lett.},
volume = {13},
pages = {321},
year = {1964},
}

@article{theory3,
title = {``{Global conservation laws and massless particles}"},
author = {{G. S. Guralnik, C. R. Hagen, and T.W. B. Kibble}},
year = {1964},
journal = {Phys. Rev. Lett.},
volume = {13},
pages = {585},
}

@misc{theory4,
title = {``{Broken symmetries and the Goldstone theorem}"},
author = {{G. S. Guralnik, C. R. Hagen, and T.W. B. Kibble}},
year = {1967},
note = {Advances in Physics 2},
}

@misc{theory5,
author = {G. S. Guralnik},
title = {``{The Beginnings of Spontaneous Symmetry Breaking in Particle Physics}"},
note = {Proceedings of the DPF-2011 Conference, Providence, RI, August 8–13},
year = {2011},

}

@article{smpredictions,
title = {``{Let's have a coffee with the Standard Model of particle physics!}"},
year = {2017},
author = {{J. Woithe, G.J. Wiener and F. F Van der Veken}},
journal = {Physics Education},
volume = {52},
issue = {3},
}

@Misc{higgsproduction,
title = {``{Higgs Production at the LHC}"},
author = {Michael Kramer},
year = {2005},
note = {Theorie-Seminar Universitat Bielefeld}

}

@misc{feynmanmaker,
title = {{Draw Feynman diagrams online}},
author = {Alec Aivazis},
note = {https://feynman.aivazis.com/},
}

@Article{limit6,
author = {The ATLAS collaboration},
title = {``{Search for the Standard Model Higgs boson in the diphoton decay channel with 4.9 $fb^{-1}$ of pp collision data at $\sqrt{s}$ = 7 TeV with ATLAS}"},
journal = {Phys. Rev. Lett},
year = {2012},
volume = {108},
pages = {111803},
}

@Article{limit7,
author = {The CMS collaboration},
title = {``{Combined results of searches for the standard model Higgs boson in pp collisions at $\sqrt{s}$ = 7 TeV}"},
journal = {Phys. Lett. B},
year = {2012},
volume = {710},
pages = {26},
}

@unpublished{limit3p5,
author = {{ALEPH, CDF, DØ, DELPHI, L3, OPAL, SLD Collaborations, the LEP Electroweak Working Group, the Tevatron Electroweak Working Group, and the SLD electroweak and heavy ﬂavour groups}},
title = {``{Precision Electroweak Measurements and Constraints on the Standard Model}"},
note = {CERN-PH-EP-2010-095 (2010), arXiv:1012.2367 [hep-ex]},
}

@article{comp,
author = {{A. Azatov, R. Contino, A. Di Iura and J. Galloway}},
title = {``{New Prospects for Higgs Compositeness in H$\rightarrow$Z$\gamma$}"},
journal = {Phys. Rev. D},
volume = {88},
year = {2013},
pages = {075019},
}

@article{lepmass,
author = {S. Weinberg},
title = {``{A Model of Leptons}"},
year = {1967},
journal = {Phys. Rev. Lett},
volume = {19},
pages = {1264},
}

@article{recon,
author = {The {CMS} collaboration},
title = {Performance of photon reconstruction and identification with the {CMS} detector in proton-proton collisions at sqrt(s) = 8 {TeV}},
year = {2015},
journal = {JINST},
issue = {10},
pages = {P08010},
}

@article{review1,
title = {``{A} review of the discovery of {SM}-like {H}iggs boson in ${H} \rightarrow \gamma\gamma$ decay channel with the {CMS} detector at the {LHC}"},
author = {S. Bhattacharya and S. Jain},
year = {2016},
journal = {J. Phys.},
issue = {87},
pages = {35},
}

@article{parity1,
title = {``{Study of the Mass and Spin-Parity of the Higgs Boson Candidate via Its Decays to Z Boson Pairs}"},
author = {The CMS collaboration},
year = {2013},
journal = {Phys. Rev. Lett.},
issue = {110},
pages = {081803},
}

@article{parity2,
title = {``{Constraints on anomalous Higgs boson couplings using production and decay information in the four-lepton final state}"},
author = {The CMS collaboration},
year = {2017},
journal = {Phys. Lett. B.},
issue = {775},
pages = {1},
}

@Book{ml1,
author = {{G. James, D. Witten, T. Hastie, R, Tibshirani}},
title = {``{An Introduction to Statistical Learning: with Applications in R}"},
publisher = {New York: Springer},
year = {2017},
pages = {303-336},
}

@article{ml2,
author = {B. P. Roe et al.},
title = {``{Boosted decision trees as an alternative to artifical neural networks for particle identification}"},
year = {2005},
journal = {NIMA},
issue = {543},
pages = {577},
}

@unpublished{ml3,
author = {{A. Morningstar, P. Savard, and R. Teuscher}},
title = {``{A BDT optimization study and assessment of deep learning in selecting VBF events in the H $\rightarrow$ ZZ* $\rightarrow$ 4l channel}"},
year = {2015},
}

@article{ml4,
author         = {The ATLAS collaboration},
title          = {``{The ATLAS Tau Trigger in Run 2}"},
year           = {2017},
note   = {ATLAS-CONF-2017-061},

}

@unpublished{ml5,
title = {``{Optimisation of the ATLAS b-tagging performance for the 2016 LHC Run}"},
author = {The ATLAS collaboration},
year = {2016},
note = {ATL-PHYS-PUB-2016-012},
}

@article{ml6,
title  = {``{Updated measurements of the Higgs boson at 125 GeV in                       the two photon decay channel}"},
author = {The CMS collaboration},
year = {2013},
note = {CMS-PAS-HIG-13-001},
}

@unpublished{ml7,
title = {``{Machine Learning in High Energy Physics}"},
author = {Adrian Bevan},
year = {2017},
note = {Talk given as part of HORSE2017},
url = {http://c4dm.eecs.qmul.ac.uk/horse2017/HORSE2017_Bevan.pdf},
}

@article{ml8,
author = {Y. Freund and R.E. Schapire},
title = {``{A short introduction to boosting}"},
year = {1999},
journal = {Japanese Society for Artiﬁcial Intelligence},
volume = {14},
pages = {771},
}

@article{mlreview,
author = {A. Radovic et al.},
title = {``{Machine learning at the energy and intensity frontiers of particle physics}"},
year = {2018},
journal = {Nature},
volume = {560},
pages = {41},
}

@article{ml9,
author = {{P. Baldi, P. Sadowski, and D. Whiteson}},
title = {``{Searching for Exotic Particles in High-Energy Physics with Deep Learning}"},
year = {2014},
journal  = {Nature Commun.},
volume = {5},
pages= {4308},
}

@unpublished{ml10,
title = {``{Identiﬁcation of Jets Containing b-hadrons with Recurrent Neural Networks at the ATLAS Experiment}"},
author = {The ATLAS collaboration},
year = {2017},
note = {ATL-PHYS-PUB-2017-003},
}

@article{ml11,
author = {E. Barberio et al.},
year = {2017},
title = {``{Deep learning approach to the Higgs boson CP measurement in H to tau tau decay and associated systematics}"},
volume = {96},
journal = {Physical Review D},
}

@unpublished{stxs1,
author = {{M. Duehrssen-Debling, P. Francavilla, F. Tackmann, K. Tackmann}},
title = {``{Simpliﬁed Template Cross Sections}"},
year = {2016},
note = {Talk given at QED@LHC}
}

@Proceedings{stxs2,
title = {``{Measurements of Higgs boson properties in the diphoton decay channel using 80$fb^{-1}$ of pp collision data at $\sqrt{s}$ = 13 TeV with the ATLAS detector}"},
year = {2018},
note = {ATLAS-CONF-2018-028},
}













